<record><leader>00000cas a22000007a 4500</leader><controlfield tag="001">12541255</controlfield><controlfield tag="008">850912u1873uuuualuwr ne      0    0eng d</controlfield><datafield ind1=" " ind2=" " tag="010"><subfield code="a">sn 85044952 </subfield></datafield><datafield ind1=" " ind2=" " tag="040"><subfield code="a">ALM</subfield><subfield code="b">eng</subfield><subfield code="c">ALM</subfield><subfield code="d">CPN</subfield><subfield code="d">DLC</subfield><subfield code="d">OCL</subfield><subfield code="d">OCLCQ</subfield></datafield><datafield ind1=" " ind2=" " tag="042"><subfield code="a">msc</subfield></datafield><datafield ind1="0" ind2=" " tag="130"><subfield code="a">Crystal fount (1873)</subfield></datafield><datafield ind1="1" ind2="0" tag="245"><subfield code="a">Crystal fount.</subfield></datafield><datafield ind1="1" ind2="3" tag="246"><subfield code="a">Crystal fount and good templar</subfield></datafield><datafield ind1="1" ind2="3" tag="246"><subfield code="a">Crystal fount &amp; good templar</subfield></datafield><datafield ind1=" " ind2=" " tag="260"><subfield code="a">Tuscaloosa, Ala. :</subfield><subfield code="b">C.W. Buck</subfield></datafield><datafield ind1=" " ind2=" " tag="300"><subfield code="a">v. ;</subfield><subfield code="c">48 cm.</subfield></datafield><datafield ind1=" " ind2=" " tag="310"><subfield code="a">Weekly</subfield></datafield><datafield ind1="1" ind2=" " tag="362"><subfield code="a">Began in 1873.</subfield></datafield><datafield ind1=" " ind2=" " tag="500"><subfield code="a">Editor: C.W. Buck.</subfield></datafield><datafield ind1=" " ind2=" " tag="521"><subfield code="a">Prohibitionist.</subfield></datafield><datafield ind1=" " ind2=" " tag="580"><subfield code="a">Continues a newspaper with the same title published in 1849.</subfield></datafield><datafield ind1=" " ind2=" " tag="588"><subfield code="a">Description based on: Vol. 1, no. 4 (Feb. 14, 1873).</subfield></datafield><datafield ind1="1" ind2=" " tag="700"><subfield code="a">Buck, C. W.</subfield></datafield><datafield ind1=" " ind2=" " tag="752"><subfield code="a">United States</subfield><subfield code="b">Alabama</subfield><subfield code="c">Tuscaloosa</subfield><subfield code="d">Tuscaloosa.</subfield></datafield><datafield ind1="1" ind2=" " tag="029"><subfield code="a">AU@</subfield><subfield code="b">000022168264</subfield></datafield></record>